% Missing:
% 
%     5to9FromZobova2011
%     3to4FromZobova2011
%     Tatarinov
%     Zobova_ND (== Zobova2011 ??)
% 
% -----------------------------------------------------
% Here you can resolve DOI to BibTeX:
% 
% http://www.doi2bib.org/
% 
% -----------------------------------------------------

@article{Zobova2011,
  doi = {10.20537/nd1104003},
  url = {https://doi.org/10.20537%2Fnd1104003},
  year  = {2011},
  publisher = {Izhevsk Institute of Computer Science},
  pages = {771--783},
  author = {Alexandra Alexandrovna Zobova},
  title = {Application of laconic forms of the equations of motion in the dynamics of nonholonomic mobile robots},
  journal = {Nelineinaya Dinamika}
}

@article{ZobovaTatarinovPMM_eng,
	author = "Zobova, A. A.; Tatarinov, Ya. V.",
	title = "The Dynamics of an Omni-Mobile Vehicle",
	journal = "Journal of Applied Mathematics and Mechanics",
	volume = "73",
	number = "1",
	pages = "8--15",
	year = "2009"
}

@article{ZobovaTatarinovPMM,
	author = "Зобова А.А., Татаринов Я.В.",
	title = "Динамика экипажа с роликонесущими колесами",
	journal = "Прикладная математика и механика",
	volume = "73",
	number = "1",
	pages = "13--22",
	year = "2009"
}

@INPROCEEDINGS{KosenkoMultibody,
	author = "Ivan Kosenko",
	title = "Physically oriented approach to construct multibody system dynamics models using Modelica language",
	booktitle = "MULTIBODY DYNAMICS 2007, ECCOMAS Thematic Conference",
	editor = "C.L. Bottasso and P. Masarati and L. Trainelli ",
	address = "Milano, Italy",
	year = "25–28 June 2007",
	language = "english"
}

@article{borisov,
	author = "А.В.Борисов, А.А.Килин, И.С.Мамаев",
	title = "Тележка с омниколесами на плоскости и сфере",
	journal = "Нелинейная динамика",
	volume = "7",
	number = "4 (Мобильные роботы)",
	pages = "785--801",
	year = "2011"
}

@article{formalskii_eng,
	author = "Yu. G. Martynenko, A. M. Formal’skii",
	title = "On the Motion of a Mobile Robot with Roller-Carrying Wheels",
	journal = "Journal of Computer and Systems Sciences International",
	volume = "46",
	number = "6",
	pages = "976--983",
	year = "2007"
}

@article{formalskii,
	author = "Мартыненко Ю.Г., Формальский А.М.",
	title = "О движении мобильного робота с роликонесущими колесами",
	journal = "Известия российской академии наук. Теория и системы управления",
	number = "6",
	pages = "142--149",
	year = "2007"
}

@article{mecanum,
	author = "A. Gfrerrer",
	title = "Geometry and kinematics of the Mecanum wheel",
	journal = "Computer Aided Geometric Design",
	volume = "25",
	pages = "784--791",
	year = "2008"
}

@book{particle,
	author = "Donald S. Eng",
	title = "State Estimation for a Holonomic Omniwheel Robot Using a Particle Filter",
	publisher = "Massachusetts Institute of Technology",
	year = "2010"
}

@article{practical,
	author = "Viktor Kalman",
	title = "Omnidirectional wheel simulation - a practical approach",
	journal = "Acta Technica Jaurinensis",
	volume = "6",
	number = "2",
	year = "2013"
}

@INPROCEEDINGS{Campion,
	author = "Campion, G.; Bastin, G.; d’Andréa-Novel, B.",
	title = "Structural Properties and Classification of Kinematic and Dynamic Models of Wheeled Mobile Robots",
	booktitle = "IEEE Transactions on Robotics and Automation",
	volume = "12",
	number = "1",
	pages = "47--62",
	year = "1996",
	language = "english"
}

@article{KalmanBreak,
	author = "Kalman V.",
	title = "Controlled Braking for Omnidirectional Wheels",
	journal = "International Journal of Control Science and Engineering",
	volume = "3",
	number = "2",
	pages = "48--57",
	year = "2013"
}

@conference{Tobolar,
	author = "Tobolar, J.; Herrmann, F.; Bunte T.",
	title = "Object-oriented modelling and control of vehicles with omni-directional wheels",
	booktitle = "Computational Mechanics",
	address = "Hrad Nectiny, Czech Republic",
	month = "November 9–11",
	year = "2009"
}


@inproceedings{KosenkoBond,
	author = "Kosenko I. I., Loginova M. S., Obraztsov Ya. P., Stavrovskaya M. S.",
	title = "Multibody Systems Dynamics: Modelica Implementation and Bond Graph Representation",
	booktitle = "Proceedings of the 5th Inter- national Modelica Conference",
	publisher = "Arsenal research",
	address = "Vienna, Austria",
	month = "September 4–5",
	pages = "213--223",
	year = "2006"
}

@inproceedings{KosenkoRolling,
	author = "Kossenko I. I., Stavrovskaia M. S.",
	title = "How One Can Simulate Dynamics of Rolling Bodies via Dymola: Approach to Model Multibody System Dynamics Using Modelica",
	booktitle = "Proceedings of the 3rd International Modelica Conference",
	publisher = "Linkopings universitet",
	address = "Linköping, Sweden",
	month = "November 3–4",
	pages = "299--309",
	year = "2003"
}

@BOOK{Novozhilov,
	author = "Новожилов, И.В.",
	title = "Фракционный анализ",
	address = "М.",
	publisher = "Изд. МГУ",
	year = 1991
}


